@manual{oetiket2007lshort,
    author = {Oetiket, T. and Partl, H. and Hyna and Schlegl, E.},
    title = {The not-so-short introduction to Latex},
    url = {http://www.ctan.org/tex-archive/info/lshort/english/lshort.pdf}
}

@Manual{downes2002shortams,
  title = 	 {{Short Math Guide for \LaTeX{}}},
  author = 	 {Downes,, Michael},
  organization = {American Mathematical Society},
  year = 	 {2002},
  url = 	 {ftp://ftp.ams.org/pub/tex/doc/amsmath/short-math-guide.pdf}
}

@Book{ungar2002uvod,
  author = 	 {Šime Ungar},
  title = 	 {{Uvod u \TeX{} s naglaskom na \LaTeX 2$\epsilon$}},
  publisher = 	 {Odjel za matematiku, Sveučilište J.J.\ Strossmayera u Osijeku},
  year = 	 {2002}
}

@Book{beller2013,
author = {Beller, T. and Gog, S. and Ohlebusch, E. and Schnattinger, T.},
title = {Computing the longest common prefix array based on the Burrows-Wheeler transform},
organization = {Institute of Theoretical Computer Science, University of Ulm, 89069 Ulm, Germany},
publisher = {Elsevier B.V.},
year = {2013}
}

@Book{studenti2016,
author = {Bužić, D. and Kozjak, F. and Vanjak, I.},
title = {Izračun polja najdužih zajedničkih prefiksa korištenjem Burrows-Wheelerove transformacije},
organization = {Fakultet elektrotehnike i računarstva, Sveučilište u Zagrebu, Croatia},
year = {2016}
}
